% Encoding: UTF-8

@Misc{LMV,
  author = {{Lebensmittelverband Deutschland}},
  title  = {{Artikel zur Studie von Insight Health 체ber Nahrungserg채nzungsmittel auf der Website des deutschen Lebensmittelverbandes}},
  year   = {{Stand: 23.10.2019}},
  url    = {https://www.lebensmittelverband.de/de/verband/organisation/arbeitskreise/arbeitskreis-nahrungsergaenzungsmittel-ak-nem/20181029-zahlen-nahrungsergaenzungsmittel-markt-2018},
}

@Misc{schneider,
  author = {Charlotte Schneider},
  title  = {{Artikel von Germany Trade \& Invest 체ber die Krankh채user und Medizintechnik in Norwegen}},
  year   = {{Stand: 18.10.2019}},
  url    = {https://www.gtai.de/GTAI/Navigation/DE/Trade/Maerkte/suche,t=norwegen-investiert-in-neue-krankenhaeuser-und-medizintechnik,did=1843880.html},
}

@Comment{jabref-meta: databaseType:bibtex;}
